<record><leader>00000cas a22000007a 4500</leader><controlfield tag="001">12873264</controlfield><controlfield tag="008">851205d18711875msuwr ne      0    0eng d</controlfield><datafield ind1=" " ind2=" " tag="010"><subfield code="a">sn 85034455 </subfield></datafield><datafield ind1=" " ind2=" " tag="040"><subfield code="a">NPU</subfield><subfield code="b">eng</subfield><subfield code="c">NPU</subfield><subfield code="d">NPX</subfield><subfield code="d">OCLCQ</subfield></datafield><datafield ind1=" " ind2=" " tag="042"><subfield code="a">msc</subfield></datafield><datafield ind1="0" ind2=" " tag="130"><subfield code="a">Newton weekly ledger (Newton, Miss. : 1871)</subfield></datafield><datafield ind1="1" ind2="0" tag="245"><subfield code="a">Newton weekly ledger.</subfield></datafield><datafield ind1=" " ind2=" " tag="260"><subfield code="a">Newton, Miss. :</subfield><subfield code="b">R.H. Henry</subfield></datafield><datafield ind1=" " ind2=" " tag="300"><subfield code="a">v. ;</subfield><subfield code="c">62 cm.</subfield></datafield><datafield ind1=" " ind2=" " tag="310"><subfield code="a">Weekly</subfield></datafield><datafield ind1="1" ind2=" " tag="362"><subfield code="a">Began in 1871.</subfield><subfield code="z">Cf. Rowell, 1873.</subfield></datafield><datafield ind1="1" ind2=" " tag="362"><subfield code="a">Ceased in 1875.</subfield><subfield code="z">Cf. Brown, A.J. Hist. of Newton Co., Miss., 1894.</subfield></datafield><datafield ind1=" " ind2=" " tag="500"><subfield code="a">First paper ever printed in the county. Cf. Brown, A.J. Hist. of Newton Co., Miss., 1894.</subfield></datafield><datafield ind1=" " ind2=" " tag="588"><subfield code="a">Description based on: Vol. 2, no. 26 (Mar. 6, 1873).</subfield></datafield><datafield ind1=" " ind2=" " tag="752"><subfield code="a">United States</subfield><subfield code="b">Mississippi</subfield><subfield code="c">Newton</subfield><subfield code="d">Newton.</subfield></datafield><datafield ind1="0" ind2="0" tag="785"><subfield code="t">Brookhaven ledger</subfield><subfield code="w">(DLC)sn 86053968</subfield></datafield><datafield ind1="1" ind2=" " tag="029"><subfield code="a">AU@</subfield><subfield code="b">000025783778</subfield></datafield></record>